@article{Hausknecht2015,
archivePrefix = {arXiv},
arxivId = {1507.06527},
author = {Hausknecht, Matthew and Stone, Peter},
doi = {10.1.1.696.1421},
eprint = {1507.06527},
isbn = {9781577357520},
issn = {9781577357520},
title = {{Deep Recurrent Q-Learning for Partially Observable MDPs}},
url = {http://arxiv.org/abs/1507.06527},
year = {2015}
}

@misc{Zhan2016,
archivePrefix = {arXiv},
arxivId = {1604.03986},
author = {Zhan, Yusen and Ammar, Haitham Bou and Taylor, Matthew E.},
booktitle = {IJCAI International Joint Conference on Artificial Intelligence},
doi = {10.1038/nature14236},
eprint = {1604.03986},
isbn = {1476-4687 (Electronic) 0028-0836 (Linking)},
issn = {10450823},
number = {7540},
pages = {2315--2321},
pmid = {25719670},
publisher = {Nature Publishing Group},
title = {{Human-level control through deep reinforcement learning}},
url = {http://dx.doi.org/10.1038/nature14236},
volume = {2016-Janua},
year = {2016}
}

@book{Sutton:1998:IRL:551283,
 author = {Sutton, Richard S. and Barto, Andrew G.},
 title = {Introduction to Reinforcement Learning},
 year = {1998},
 isbn = {0262193981},
 edition = {1st},
 publisher = {MIT Press},
 address = {Cambridge, MA, USA},
}

@article{DBLP:journals/corr/KingmaB14,
  author    = {Diederik P. Kingma and
               Jimmy Ba},
  title     = {Adam: {A} Method for Stochastic Optimization},
  journal   = {CoRR},
  volume    = {abs/1412.6980},
  year      = {2014},
  url       = {http://arxiv.org/abs/1412.6980},
  archivePrefix = {arXiv},
  eprint    = {1412.6980},
  timestamp = {Wed, 07 Jun 2017 14:40:52 +0200},
  biburl    = {https://dblp.org/rec/bib/journals/corr/KingmaB14},
  bibsource = {dblp computer science bibliography, https://dblp.org}
}

@article{Hochreiter:1997:LSM:1246443.1246450,
 author = {Hochreiter, Sepp and Schmidhuber, J\"{u}rgen},
 title = {Long Short-Term Memory},
 journal = {Neural Comput.},
 issue_date = {November 15, 1997},
 volume = {9},
 number = {8},
 month = nov,
 year = {1997},
 issn = {0899-7667},
 pages = {1735--1780},
 numpages = {46},
 url = {http://dx.doi.org/10.1162/neco.1997.9.8.1735},
 doi = {10.1162/neco.1997.9.8.1735},
 acmid = {1246450},
 publisher = {MIT Press},
 address = {Cambridge, MA, USA},
} 

@INPROCEEDINGS{Watkins92q-learning,
    author = {Christopher J. C. H. Watkins and Peter Dayan},
    title = {Q-learning},
    booktitle = {Machine Learning},
    year = {1992},
    pages = {279--292}
}